% This file was created with JabRef 2.9.2.
% Encoding: UTF-8

@INPROCEEDINGS{Amdahl1967,
  author = {Amdahl, Gene M},
  title = {Validity of the single processor approach to achieving large scale
	computing capabilities},
  booktitle = {Proceedings of the April 18-20, 1967, spring joint computer conference},
  year = {1967},
  pages = {483--485},
  organization = {ACM},
  owner = {guicho},
  timestamp = {2013.10.13},
  url = {http://dl.acm.org/citation.cfm?id=1465560}
}

@ARTICLE{Bacchus2000,
  author = {Bacchus, Fahiem},
  title = {Subset of PDDL for the AIPS2000 Planning Competition},
  journal = {The AIPS-00 Planning Competition Comitee},
  year = {2000},
  __markedentry = {[guicho:6]},
  owner = {guicho},
  timestamp = {2013.10.27}
}

@INPROCEEDINGS{Baier2007,
  author = {Baier, Jorge A and Fritz, Christian and McIlraith, Sheila A},
  title = {Exploiting Procedural Domain Control Knowledge in State-of-the-Art
	Planners.},
  booktitle = {ICAPS},
  year = {2007},
  pages = {26--33},
  owner = {guicho},
  timestamp = {2013.10.12},
  url = {http://www.aaai.org/Papers/ICAPS/2007/ICAPS07-004.pdf}
}

@ARTICLE{Blum1997,
  author = {Blum, Avrim L and Furst, Merrick L},
  title = {Fast planning through planning graph analysis},
  journal = {Artificial intelligence},
  year = {1997},
  volume = {90},
  pages = {281--300},
  number = {1},
  owner = {guicho},
  publisher = {Elsevier},
  timestamp = {2013.10.19}
}

@ARTICLE{Botea2005,
  author = {Botea, Adi and Enzenberger, Markus and M{\"u}ller, Martin and Schaeffer,
	Jonathan},
  title = {Macro-FF: Improving AI Planning with Automatically Learned Macro-Operators.},
  journal = {J. Artif. Intell. Res.(JAIR)},
  year = {2005},
  volume = {24},
  pages = {581--621},
  owner = {guicho},
  timestamp = {2013.10.12},
  url = {http://www.aaai.org/Papers/JAIR/Vol24/JAIR-2415.pdf}
}

@ARTICLE{Chrpa2010,
  author = {Chrpa, Luk{\'a}{\v{s}}},
  title = {Generation of macro-operators via investigation of action dependencies
	in plans},
  journal = {Knowledge Engineering Review},
  year = {2010},
  volume = {25},
  pages = {281},
  number = {3},
  owner = {guicho},
  publisher = {Cambridge Univ Press},
  timestamp = {2013.10.12},
  url = {http://journals.cambridge.org/production/action/cjoGetFulltext?fulltextid=7875408}
}

@INPROCEEDINGS{Chrpa2008,
  author = {Chrpa, Luk{\'a}s and Bart{\'a}k, Roman},
  title = {Towards Getting Domain Knowledge: Plans Analysis through Investigation
	of Actions Dependencies.},
  booktitle = {FLAIRS Conference},
  year = {2008},
  pages = {531--536},
  owner = {guicho},
  timestamp = {2013.10.12},
  url = {http://www.aaai.org/Papers/FLAIRS/2008/FLAIRS08-122.pdf}
}

@INPROCEEDINGS{Chrpa2012,
  author = {Chrpa, Luk{\'a}s and McCluskey, Thomas Leo and Osborne, Hugh},
  title = {Optimizing Plans through Analysis of Action Dependencies and Independencies.},
  booktitle = {ICAPS},
  year = {2012},
  owner = {guicho},
  timestamp = {2013.10.12},
  url = {http://www.aaai.org/ocs/index.php/ICAPS/ICAPS12/paper/viewPDFInterstitial/4712/4746}
}

@ARTICLE{Dreo2011,
  author = {Dr{\'e}o, Johann and Sav{\'e}ant, Pierre and Schoenauer, Marc and
	Vidal, Vincent},
  title = {Divide-and-evolve: the marriage of descartes and darwin},
  journal = {Proceedings of the 7th international planning competition (IPC).
	Freiburg, Germany},
  year = {2011},
  __markedentry = {[guicho:]},
  owner = {guicho},
  timestamp = {2013.10.22}
}

@ARTICLE{Fox1998,
  author = {Fox, Maria and Long, Derek},
  title = {The automatic inference of state invariants in TIM},
  journal = {Journal of Artificial Intelligence Research},
  year = {1998},
  owner = {guicho},
  timestamp = {2013.10.19},
  url = {http://arxiv.org/abs/1105.5451}
}

@ARTICLE{Helmert2006,
  author = {Helmert, Malte},
  title = {The Fast Downward Planning System.},
  journal = {J. Artif. Intell. Res.(JAIR)},
  year = {2006},
  volume = {26},
  pages = {191--246},
  owner = {guicho},
  timestamp = {2013.10.12},
  url = {http://www.aaai.org/Papers/JAIR/Vol26/JAIR-2606.pdf}
}

@INPROCEEDINGS{Helmert2009,
  author = {Helmert, Malte and Domshlak, Carmel},
  title = {Landmarks, Critical Paths and Abstractions: What's the Difference
	Anyway?},
  booktitle = {ICAPS},
  year = {2009},
  owner = {guicho},
  timestamp = {2013.10.12},
  url = {http://www.aaai.org/ocs/index.php/ICAPS/ICAPS09/paper/viewPDFInterstitial/735/1107}
}

@ARTICLE{Ochi2013,
  author = {Ochi, Kimitomo and Fukunaga, Alex and Kondo, Chikako and Maeda, Munehiko
	and Hasegawa, Fumio and Kawano, Yukihiro},
  title = {A Steady-State Model for Automated Sequence Generation in a Robotic
	Assembly System},
  journal = {SPARK 2013},
  year = {2013},
  owner = {guicho},
  timestamp = {2013.10.12}
}

@INCOLLECTION{Schoenauer2006,
  author = {Schoenauer, Marc and Sav{\'e}ant, Pierre and Vidal, Vincent},
  title = {Divide-and-evolve: A new memetic scheme for domain-independent temporal
	planning},
  booktitle = {Evolutionary Computation in Combinatorial Optimization},
  publisher = {Springer},
  year = {2006},
  pages = {247--260},
  owner = {guicho},
  timestamp = {2013.10.21},
  url = {http://link.springer.com/chapter/10.1007/11730095_21}
}

@INPROCEEDINGS{Smith1993,
  author = {Smith, Stephen F and Cheng, Cheng-Chung},
  title = {Slack-based heuristics for constraint satisfaction scheduling},
  booktitle = {AAAI},
  year = {1993},
  pages = {139--144},
  owner = {guicho},
  timestamp = {2013.10.12}
}

@ARTICLE{Vidal2011,
  author = {Vidal, Vincent},
  title = {CPT4: An Optimal Temporal Planner Lost in a Planning Competition
	without Optimal Temporal Track},
  journal = {Angel Garc{\i}a-Olaya, SJ, and L{\'o}pez, CL, eds., Seventh International
	Planning Competition},
  year = {2011},
  pages = {25--28},
  __markedentry = {[guicho:]},
  owner = {guicho},
  timestamp = {2013.10.22}
}

@ARTICLE{Vidal2011a,
  author = {Vidal, Vincent},
  title = {YAHSP2: Keep it simple, stupid},
  journal = {Angel Garc{\i}a-Olaya, SJ, and L{\'o}pez, CL, eds., Seventh International
	Planning Competition},
  year = {2011},
  pages = {83--90},
  __markedentry = {[guicho:]},
  owner = {guicho},
  timestamp = {2013.10.22}
}

@ARTICLE{Vidal2006a,
  author = {Vidal, Vincent and Geffner, H{\'e}ctor},
  title = {Branching and pruning: An optimal temporal POCL planner based on
	constraint programming},
  journal = {Artificial Intelligence},
  year = {2006},
  volume = {170},
  pages = {298--335},
  number = {3},
  owner = {guicho},
  publisher = {Elsevier},
  timestamp = {2013.10.21}
}

@INPROCEEDINGS{Vidal2004,
  author = {Vidal, Vincent and others},
  title = {A Lookahead Strategy for Heuristic Search Planning.},
  booktitle = {ICAPS},
  year = {2004},
  pages = {150--160},
  owner = {guicho},
  timestamp = {2013.10.21},
  url = {http://www.aaai.org/Papers/ICAPS/2004/ICAPS04-020.pdf}
}

@ARTICLE{Vidal2006,
  author = {Vidal, Vincent and Tabary, S{\'e}bastien},
  title = {The new version of CPT, an optimal temporal POCL planner based on
	constraint programming},
  journal = {ICAPS 2006},
  year = {2006},
  pages = {50},
  owner = {guicho},
  timestamp = {2013.10.21}
}

@OTHER{val4.2,
  owner = {guicho},
  timestamp = {2013.10.23},
  url = {http://www.plg.inf.uc3m.es/ipc2011-deterministic/attachments/FrontPage(2f)Software/VAL-4.2.09.tar.gz}
}

@InProceedings{CushingKTWM2007,
  author = 	 {W. Cushing and S. Kambhampati and K. Talamadupula and D. Weld and Mausam},
  title = 	 {Evaluating Temporal Planning Domains},
  booktitle = {ICAPS},
  year = 	 2007}

@inproceedings{GereviniS98,
  author    = {Alfonso Gerevini and
               Lenhart K. Schubert},
  title     = {Inferring State Constraints for Domain-Independent Planning},
  booktitle = {AAAI},
  year      = {1998},
  pages     = {905-912},
}


@InProceedings{DraperJCJ1999,
  author = 	 {D. Draper and A. Jonsson and D. Clements and D. Joslin},
  title = 	 {Cyclic Scheduling},
  booktitle = {Proc. IJCAI},
  year = 	 1999}


@article{dawande2005sequencing,
  title={Sequencing and scheduling in robotic cells: Recent developments},
  author={Dawande, Milind and Geismar, H Neil and Sethi, Suresh P and Sriskandarajah, Chelliah},
  journal={Journal of Scheduling},
  volume={8},
  number={5},
  pages={387--426},
  year={2005},
  publisher={Springer}
}
